%% This BibTeX bibliography file was created using BibDesk.
%% http://bibdesk.sourceforge.net/

%% Created for zxy at 2016-02-03 09:58:22 +0800 


%% Saved with string encoding Unicode (UTF-8) 



@article{gun08,
	Author = {G{\"u}nther, Stefan and Kuhn, Michael and Dunkel, Mathias and Campillos, Monica and Senger, Christian and Petsalaki, Evangelia and Ahmed, Jessica and Urdiales, Eduardo Garcia and Gewiess, Andreas and Jensen, Lars Juhl and Schneider, Reinhard and Skoblo, Roman and Russell, Robert B and Bourne, Philip E and Bork, Peer and Preissner, Robert},
	Date-Added = {2016-02-03 01:56:36 +0000},
	Date-Modified = {2016-02-03 01:58:22 +0000},
	Journal = {Nucleic Acids Research},
	Number = {919-922},
	Title = {SuperTarget and Matador: resources for exploring drug-target relationships},
	Volume = {36},
	Year = {2008}}

@article{wis08,
	Author = {Wishart, David S and Knox, Craig and Guo, An Chi and Cheng, Dean and Shrivastava, Savita and Tzur, Dan and Gautam, Bijaya and Hassanali, Murtaza},
	Date-Added = {2016-02-03 01:54:35 +0000},
	Date-Modified = {2016-02-03 01:55:38 +0000},
	Journal = {Nucleic acids research},
	Title = {DrugBank: a knowledgebase for drugs, drug actions and drug targets},
	Volume = {36},
	Year = {2008}}

@article{sch04,
	Author = {Schomburg, Ida and Chang, Antje and Ebeling, Christian and Gremse, Marion and Heldt, Christian and Huhn, Gregor and Schomburg, Dietmar},
	Date-Added = {2016-02-03 01:52:47 +0000},
	Date-Modified = {2016-02-03 01:53:47 +0000},
	Journal = {Nucleic acids research},
	Title = {BRENDA, the enzyme database: updates and major new developments},
	Volume = {32},
	Year = {2004}}

@article{kan06,
	Author = {Kanehisa, Minoru and Goto, Susumu and Hattori, Masahiro and Aoki-Kinoshita, Kiyoko F and Itoh, Masumi and Kawashima, Shuichi and Katayama, Toshiaki and Araki, Michihiro and Hirakawa, Mika},
	Date-Added = {2016-02-03 01:49:57 +0000},
	Date-Modified = {2016-02-03 01:51:38 +0000},
	Journal = {Nucleic Acids Research},
	Number = {354-357},
	Title = {From genomics to chemical genomics: new developments in KEGG},
	Volume = {34},
	Year = {2006}}

@article{tsa06,
	Author = {Tsang, Ivor Wai - Hung and Kwok, James Tin - Yau and Zurada, Jacek M.},
	Date-Added = {2016-02-02 06:05:09 +0000},
	Date-Modified = {2016-02-02 06:06:38 +0000},
	Journal = {IEEE transactions on neural networks},
	Pages = {1126-1140},
	Title = {Generalized core vector machines},
	Volume = {17(5)},
	Year = {2006}}

@article{shi14,
	Author = {Shitong Wang and Jun Wang and Fu-Lai Chung},
	Date-Added = {2016-01-30 04:37:46 +0000},
	Date-Modified = {2016-01-30 04:38:41 +0000},
	Journal = {IEEE Transactions on Cybernetics},
	Pages = {1-20},
	Title = {Kernel Density Estimation, Kernel Methods, and Fast Learning in Large Data Sets},
	Volume = {44(1)},
	Year = {2014}}

@article{tsa05,
	Author = {Tsang, Ivor and Kwok, James Tin - Yau and Cheung, Pak Ming},
	Date-Added = {2016-01-30 04:26:28 +0000},
	Date-Modified = {2016-01-30 04:27:31 +0000},
	Journal = {Journal of machine learning research},
	Pages = {363-392},
	Title = {Core vector machines: Fast SVM training on very large data sets},
	Volume = {6},
	Year = {2005}}

@article{meh14,
	Author = {Mehmet Goâ‚¬nen and Samuel Kaski and Senior Member},
	Date-Added = {2016-01-21 04:55:06 +0000},
	Date-Modified = {2016-01-21 04:57:42 +0000},
	Journal = {IEEE Transactions on Pattern Analysis and Machine Intelligence},
	Pages = {2047-2060},
	Title = {Kernelized Bayesian Matrix Factorization},
	Volume = {36(10)},
	Year = {2014}}

@article{hat03,
	Author = {Hattori, Masahiro and Okuno, Yasushi and Goto, Susumu and Kanehisa, Minoru},
	Date-Added = {2016-01-19 14:26:06 +0000},
	Date-Modified = {2016-01-19 14:27:51 +0000},
	Journal = {Journal of the American Chemical Society},
	Title = {Development of a chemical structure comparison method for integrated analysis of chemical and genomic information in the metabolic pathways},
	Volume = {125(39)},
	Year = {2003}}

@article{smi81,
	Author = {T.F. Smith Smith TF and Waterman MS.},
	Date-Added = {2016-01-19 14:22:52 +0000},
	Date-Modified = {2016-01-19 14:26:03 +0000},
	Journal = {Journal of Molecular Biology},
	Pages = {195-197},
	Title = {Identification of common molecular subsequences},
	Volume = {147},
	Year = {1981}}

@article{gon12,
	Author = {Mehmet G{\"o}nen},
	Date-Added = {2016-01-18 05:59:55 +0000},
	Date-Modified = {2016-01-18 06:08:10 +0000},
	Journal = {Bioinformatics},
	Title = {Predicting drug--target interactions from chemical and genomic kernels using Bayesian matrix factorization},
	Volume = {28 (18)},
	Year = {2012}}

@article{mor08,
	Author = {Mordelet, Fantine and Vert, Jean - Philippe},
	Date-Added = {2016-01-17 11:47:51 +0000},
	Date-Modified = {2016-01-17 11:48:45 +0000},
	Journal = {Bioinformatics},
	Pages = {i76-i82},
	Title = {supervised inference of regulatory networks},
	Volume = {24(16)},
	Year = {2008}}

@article{ble07,
	Author = {Bleakley, Kevin and Biau, G{\'e}rard and Vert, Jean - Philippe},
	Date-Added = {2016-01-17 11:46:05 +0000},
	Date-Modified = {2016-01-17 11:46:58 +0000},
	Journal = {Bioinformatics},
	Pages = {i57-i65},
	Title = {Supervised reconstruction of biological networks with local models},
	Volume = {23(13)},
	Year = {2007}}

@article{ble09,
	Author = {Bleakley, Kevin and Yamanishi, Yoshihiro},
	Date-Added = {2016-01-17 10:22:33 +0000},
	Date-Modified = {2016-01-17 10:23:24 +0000},
	Journal = {Bioinformatics},
	Pages = {2397-2403},
	Title = {Supervised prediction of drug--target interactions using bipartite local models},
	Volume = {25(18)},
	Year = {2009}}

@article{yam10,
	Author = {Yamanishi, Yoshihiro and Kotera, Masaaki and Kanehisa, Minoru and Goto, Susumu},
	Date-Added = {2016-01-17 10:19:09 +0000},
	Date-Modified = {2016-01-17 10:20:44 +0000},
	Journal = {Bioinformatics},
	Pages = {i246-i254},
	Title = {Drug-target interaction prediction from chemical, genomic and pharmacological data in an integrated framework},
	Volume = {26(12)},
	Year = {2010}}

@proceedings{oya04,
	Date-Added = {2016-01-17 10:00:23 +0000},
	Date-Modified = {2016-01-17 10:03:49 +0000},
	Editor = {Oyama, Satoshi and Manning, Christopher D.},
	Publisher = {Proceedings of the 15th European Conference on Machine Learning (ECML2004)},
	Title = {Using Feature Conjunctions across Examples for Learning Pairwise Classifiers},
	Year = {2004}}

@proceedings{hue10,
	Date-Added = {2016-01-17 09:55:54 +0000},
	Date-Modified = {2016-01-17 09:58:43 +0000},
	Editor = {Martial Hue and Jean-Philippe Vert},
	Publisher = {ICML},
	Title = {On learning with kernels for unordered pairs},
	Year = {2010}}

@article{ben05,
	Author = {Asa Ben-Hur and William Stafford Noble},
	Date-Added = {2016-01-17 09:52:18 +0000},
	Date-Modified = {2016-01-17 09:53:05 +0000},
	Journal = {Bioinformatics},
	Title = {Kernel methods for predicting protein--protein interactions},
	Year = {2005}}

@article{bas04,
	Author = {Justin Basilico and Thomas Hofmann},
	Date-Added = {2016-01-17 09:40:24 +0000},
	Date-Modified = {2016-01-17 09:49:29 +0000},
	Journal = {ICML '04 Proceedings of the twenty-first international conference on Machine learning},
	Month = {07},
	Pages = {9},
	Publisher = {ACM},
	Title = {Unifying collaborative and content-based filtering},
	Year = {2004}}

@article{van11,
	Author = {Van Laarhoven, Twan and Nabuurs, Sander B and Marchiori, Elena},
	Date-Added = {2016-01-17 08:33:21 +0000},
	Date-Modified = {2016-01-17 10:45:46 +0000},
	Journal = {Bioinformatics},
	Title = {Gaussian interaction profile kernels for predicting drug--target interaction},
	Year = {2011}}

@article{xia10,
	Author = {Zheng Xia and Ling-Yun Wu and Xiaobo Zhou and Stephen TC Wong},
	Date-Added = {2016-01-17 05:16:57 +0000},
	Date-Modified = {2016-01-17 05:18:04 +0000},
	Journal = {BMC Systems Biology},
	Title = {Semi-supervised drug-protein interaction prediction from heterogeneous biological spaces},
	Year = {2010}}

@article{sch98,
	Author = {Sch{\"o}{\"o}lkopf, Bernhard and Smola, Alexander and M{\"u}{\"u}ller, Klaus-robert},
	Date-Added = {2016-01-16 05:39:45 +0000},
	Date-Modified = {2016-01-16 05:40:28 +0000},
	Journal = {Neural Computation},
	Title = {Nonlinear Component Analysis as a Kernel Eigenvalue Problem},
	Year = {1998}}

@article{yam08,
	Author = {Yamanishi, Yoshihiro and Araki, Michihiro and Gutteridge, Alex and Honda, Wataru and Kanehisa, Minoru},
	Date-Added = {2016-01-16 04:41:56 +0000},
	Date-Modified = {2016-01-16 04:42:45 +0000},
	Journal = {Bioinformatics},
	Title = {Prediction of drug--target interaction networks from the integration of chemical and genomic spaces},
	Year = {2008}}

@article{jac08,
	Author = {Jacob, Laurent and Vert, Jean - Philippe},
	Date-Added = {2016-01-16 02:40:08 +0000},
	Date-Modified = {2016-01-16 02:41:15 +0000},
	Journal = {Bioinformatics},
	Title = {Protein-ligand interaction prediction: an improved chemogenomics approach},
	Year = {2008}}

@article{fau08,
	Author = {Faulon, Jean - Loup and Misra, Milind and Martin, Shawn and Sale, Ken and Sapra, Rajat},
	Date-Added = {2016-01-15 11:55:02 +0000},
	Date-Modified = {2016-01-15 11:55:51 +0000},
	Journal = {Bioinformatics},
	Title = {Genome scale enzyme--metabolite and drug--target interaction predictions using the signature molecular descriptor},
	Year = {2008}}

@article{erh06,
	Author = {Erhan, Dumitru and L'Heureux, Pierre-Jean and Yue, Shi Yi and Bengio, Yoshua},
	Date-Added = {2016-01-15 11:45:34 +0000},
	Date-Modified = {2016-01-15 11:46:30 +0000},
	Journal = {Journal of chemical information and modeling},
	Title = {Collaborative filtering on a family of biological targets},
	Year = {2006}}

@book{kern04,
	Author = {Sch{\"o}lkopf, Bernhard and Tsuda, Koji and Vert, Jean-Philippe},
	Date-Added = {2016-01-15 10:14:42 +0000},
	Date-Modified = {2016-01-15 11:50:13 +0000},
	Publisher = {Cambridge, Mass. : MIT Press},
	Title = {Kernel methods in computational biology},
	Year = {2004}}

@article{zhu05,
	Author = {Zhu, Shanfeng and Okuno, Yasushi and Tsujimoto, Gozoh and Mamitsuka, Hiroshi},
	Date-Added = {2016-01-15 03:24:29 +0000},
	Date-Modified = {2016-01-16 04:24:58 +0000},
	Journal = {Bioinformatics},
	Title = {A probabilistic model for mining implicit 'chemical compound-gene' relations from literature},
	Year = {2005}}

@article{and02,
	Author = {Andrew L. Hopkins and Colin R. Groom},
	Date-Added = {2016-01-15 03:14:21 +0000},
	Date-Modified = {2016-01-15 03:19:39 +0000},
	Journal = {Nature Reviews Drug Discovery},
	Title = {The druggable genome},
	Year = {2002}}
